@InProceedings{shukla:96,
  author =       "Sandeep~K.~Shukla and Daniel~J.~Rosenkrantz and S.~S.~Ravi",
  title =        {Simulation and Validation Tool for Self-Stabilizing Protocols},
  booktitle =    "Proceedings of the Second SPIN Workshop",
  month =        aug,
  year =         "1996"
}

@InProceedings{merino:96,
  author =       "P.~Merino and J.M.~Troya",
  title =        {Modelling and Verification of the ITU-T Multipoint Communication Service with SPIN",
  booktitle =    "Proceedings of the Second SPIN Workshop",
  month =        aug,
  year =         "1996"
}

@InProceedings{jensen:96,
  author =       "Henrik~Ejersbo~Jensen and Kim~G.~Larsen and Arne~Skou",
  title =        {Modeling and Analysis of a Collision Avoidance Protocol using SPIN and UPPAAL},
  booktitle =    "Proceedings of the Second SPIN Workshop",
  month =        aug,
  year =         "1996"
}

@InProceedings{duval:95,
  author =       "Gregory~Duval and Jacques~Julliand",
  title =        {Modeling and Verification of the RUBIS $\u$-Kernel with SPIN},
  booktitle =    "Proceedings of the First SPIN Workshop",
  month =        oct,
  year =         "1995"
}

@InProceedings{nakatini:97,
  author =       "Tadashi~Nakatani",
  title =        {Verification of Group Address Registration Protocol using PROMELA and SPIN",
  booktitle =    "Proceedings of the Third SPIN Workshop",
  month =        apr,
  year =         "1997"
}

@InProceedings{cimatti:97,
  author =       "A.~Cimatti and F.~Giunchiglia and G.~Mongardi and F.~Torielli and P.~Traverso",
  title =        {Model Checking Safety Critical Software with SPIN: an Application to a Railway Interlocking System},
  booktitle =    "Proceedings of the Third SPIN Workshop",
  month =        apr,
  year =         "1997"
}

@InProceedings{leue:96,
  author =       "Stefan~Leue and Peter~B.~Ladkin",
  title =        {Implementing and Verifying Scenario-Based Specifications Using Promela/XSpin},
  booktitle =    "Proceedings of the Second SPIN Workshop",
  month =        aug,
  year =         "1996"
}

@InProceedings{cattel:95,
  author =       "Thierry~Cattel",
  title =        {Process Control Design Using SPIN},
  booktitle =    "Proceedings of the First SPIN Workshop",
  month =        oct,
  year =         "1995"
}

@InProceedings{dwyer:98a,
     AUTHOR = {Matthew~B.~Dwyer and Corina~S.~Pasareanu},
     TITLE = {Filter-based Model Checking of Partial Systems},
     YEAR = {1998},
     MONTH = nov,
     organization = "Proceedings of the 6th ACM SIGSOFT Symposium on the Foundations of Software Engineering"
     NOTE = "to appear"
}


@InProceedings{dwyer:97a,
    author = "M.B.~Dwyer and V.~Carr and L.~Hines",
    title = "Model Checking Graphical User Interfaces Using Abstractions",
     YEAR = {1997},
     MONTH = sep,
     pages = "244--261",
     booktitle = {LNCS 1301},
     organization = "Proceedings of the 6th European Software Engineering Conference held jointly with the 5th ACM SIGSOFT Symposium on the Foundations of Software Engineering"
}


@MastersThesis{novak:98,
  author =      "Michael Novak",
  title =       "A Java Framework for Distributed and Shared-memory Parallelization of a Computationally Intensive Problem",
  school =      "Kansas State University",
  year =        1998,
  month =       May
}

@MastersThesis{isom:98,
  author =      "Jeff Isom",
  title =       "A Networked Mail Client",
  school =      "Kansas State University",
  year =        1998,
  month =       May
}

@TechReport{havelund:98,
     AUTHOR = {Klaus~Havelund and Mike~Lowry and John~Penix},
     TITLE = {Formal Analysis of a Space Craft Controller using SPIN},
  institution = "NASA Ames Research Center, Recom Technologies, Moffet Field",
  year = 1998,
     ANNOTE = {}
}

@InProceedings{duval:98,
  author =       "Gregory~Duval",
  title =        {Specification and Verification of an Object Request Broker},
  booktitle =    "Proceedings of the 20th International Conference on Software Engineering",
  month =        apr,
  year =         "1998"
}


@InProceedings{sreemani:96,
  author =       "Tirumale Sreemani and Joanne M. Atlee",
  title =        "Feasibility of Model Checking Software Requirements: A Case Study," 
  booktitle =    "Proceedings of the 11th Annual Conference on Computer Assurance",
  month =        jun,
  year =         "1996"
}

@techreport{a7spec,
      author = {T. Alspaugh and S. Faulk and K. Britton and
	        R. Parker and D. Parnas and J. Shore},
      title = {{Software Requirements for the A-7E Aircraft}},
      institution = {Naval Research Laboratory},
      month = {March},
      year = {1988}
}

@inproceedings{biere:97,
      author = {Armin Biere},
      title = {{$\mu$}cke -- Efficient {$\mu$}-Calculus Model Checking},
      pages = {468--471},
      booktitle = {International Conference on Computer-Aided Verification},
      place = {Haifa, Israel},
      year = {1997},
      publisher = {Springer},
      series = {LNCS},
      number = {1254},
      editors = {Orna Grumberg}
} 

@InProceedings{sreemani:96,
  author =       {Klaus Havelund and N. Shankar},
  title =        "Experiments in Theorem Proving and Model Checking",
  booktitle =    "Proceedings of Formal Methods Europe",
  year =         "1996"
}

@Article{clarke:95,
    author = "E. Clarke and O. Grumberg and H. Hiraishi and
              S. Jha and D. Long and K. McMillan and L. Ness
    title = "Verification of the Future-Bus+ Cache Coherence Protocol",
    journal = "Formal Methods in System Design",
    publisher = "Kluwer Academic Publishers", 
    local =  "Boston, MA",
    year = 1995,
    volume = 6,
    number = 2
}

@InProceedings{hoeg:94,
     author ={Flemming Hoeg and Niels Mellergaard and
              Jorgen Staunstrup},
     title = {The Priority Queue as an Example of Hardware/Software Codesign},
     booktitle = {International Workshop on
                  Hardware-Software Codesign 3.},
     year =         1994,
     pages =        {81--88}, 
     month =        sep,
     local =        {Grenoble, France},
     address =      {New York},
     organization = {ACM/IEEE}
}

@Article{winter:89,
    author = "Kirsten Winter",
    title = "Model Checking for Abstract State Machines",
    journal = "Journal of Universal Computer Science",
    year = 1997,
    volume = 3,
    number = 5
}

@InProceedings{probst:94,
     author ={S.T.~Probst and G.J.~Powers},
     title = "Automatic Verification of Control Logic in the Presence of Process Faults,"
     booktitle = {1994 AIChE Annual Meeting}, 
     year =         1994,
     month =        nov,
     local =        {San Francisco, CA},
}

@InProceedings{anderson:96,
      title = "Model Checking Large Software Specifications", 
      author = "Richard J. Anderson and Paul Beame and Steve Burns and
                William Chan and Francesmary Modugno and David Notkin and
                Jon D. Reese", 
      booktitle = "Proceedings of the Fourth ACM SIGSOFT Symposium on the
                   Foundations of Software Engineering", 
      pages = "156--166", 
      month = oct, 
      year = 1996,
      editor = "David Garlan",
      address = "San Francisco, CA, USA",
      publisher = "ACM",
       note = "A full version to appear in IEEE Transactions on Software
              Engineering" 
}
    
@TechReport{ryan:97,
     AUTHOR = {M. Ryan},
     TITLE = {Feature-oriented programming: A case study with SMV},
  institution = "School of Computer Science, University of Birmingham, Birmingha
m, UK",
  year = 1997,
  month = sep,
     ANNOTE = {}
}

